@article{wilkinson2016fair,
  added-at = {2018-11-11T17:01:17.000+0100},
  author = {Wilkinson, Mark D and Dumontier, Michel and Aalbersberg, IJsbrand Jan and Appleton, Gabrielle and Axton, Myles and Baak, Arie and Blomberg, Niklas and Boiten, Jan-Willem and da Silva Santos, Luiz Bonino and Bourne, Philip E and others},
  biburl = {https://www.bibsonomy.org/bibtex/284ff5b88120fbf405870b49cf7e60767/joschirr},
  interhash = {57f2e9cf231a3798674c33adec9b68ab},
  intrahash = {84ff5b88120fbf405870b49cf7e60767},
  journal = {Scientific data},
  keywords = {imported},
  publisher = {Nature Publishing Group},
  timestamp = {2018-11-11T17:01:17.000+0100},
  title = {The FAIR Guiding Principles for scientific data management and stewardship},
  volume = 3,
  year = 2016
}

@article{bigdata,
    author = {Stephens, Zachary D. AND Lee, Skylar Y. AND Faghri, Faraz AND Campbell, Roy H. AND Zhai, Chengxiang AND Efron, Miles J. AND Iyer, Ravishankar AND Schatz, Michael C. AND Sinha, Saurabh AND Robinson, Gene E.},
    journal = {PLOS Biology},
    publisher = {Public Library of Science},
    title = {Big Data: Astronomical or Genomical?},
    year = {2015},
    month = {07},
    volume = {13},
    url = {https://doi.org/10.1371/journal.pbio.1002195},
    pages = {1-11},
    abstract = {This perspective considers the growth of genomics over the next ten years and assesses the computational needs that we will face relative to other "Big Data" activities such as astronomy, YouTube, and Twitter.},
    number = {7},
    doi = {10.1371/journal.pbio.1002195}
}